<record><leader>00000cas a22000007a 4500</leader><controlfield tag="001">11498935</controlfield><controlfield tag="008">841215d18571863ohuwr ne      0    0eng d</controlfield><datafield ind1=" " ind2=" " tag="010"><subfield code="a">sn 84028860 </subfield></datafield><datafield ind1=" " ind2=" " tag="040"><subfield code="a">NPY</subfield><subfield code="b">eng</subfield><subfield code="c">NPY</subfield><subfield code="d">NPX</subfield><subfield code="d">OCLCQ</subfield></datafield><datafield ind1=" " ind2=" " tag="042"><subfield code="a">msc</subfield></datafield><datafield ind1="0" ind2="4" tag="245"><subfield code="a">The Newark North American.</subfield></datafield><datafield ind1=" " ind2=" " tag="260"><subfield code="a">Newark, Ohio :</subfield><subfield code="b">S.G. Arnold,</subfield><subfield code="c">-1863.</subfield></datafield><datafield ind1=" " ind2=" " tag="300"><subfield code="a">v. ;</subfield><subfield code="c">63 cm.</subfield></datafield><datafield ind1=" " ind2=" " tag="310"><subfield code="a">Weekly</subfield></datafield><datafield ind1="0" ind2=" " tag="362"><subfield code="a">-v. 8, no. 18 (July 17, 1863).</subfield></datafield><datafield ind1="1" ind2=" " tag="362"><subfield code="a">Began in 1857?</subfield><subfield code="z">Cf. Gregory, W. Amer. newspapers.</subfield></datafield><datafield ind1=" " ind2=" " tag="500"><subfield code="a">Editor: W.C. Gray, &lt;1863&gt;.</subfield></datafield><datafield ind1=" " ind2=" " tag="500"><subfield code="a">Publishers: S.G. Arnold, &lt;1859&gt;; Arnold &amp; Gray, &lt;1863&gt;.</subfield></datafield><datafield ind1=" " ind2=" " tag="500"><subfield code="a">Proprietor: S.G. Arnold, &lt;1863&gt;.</subfield></datafield><datafield ind1=" " ind2=" " tag="500"><subfield code="a">Republican. Cf. Gutgesell, S. Guide to Ohio newspapers, 1974.</subfield></datafield><datafield ind1=" " ind2=" " tag="588"><subfield code="a">Description based on: Vol. 4, no. 41 (Dec. 28, 1859).</subfield></datafield><datafield ind1="1" ind2=" " tag="700"><subfield code="a">Arnold, S. G.</subfield></datafield><datafield ind1=" " ind2=" " tag="752"><subfield code="a">United States</subfield><subfield code="b">Ohio</subfield><subfield code="c">Licking</subfield><subfield code="d">Newark.</subfield></datafield><datafield ind1="0" ind2="0" tag="780"><subfield code="t">North American (Newark, Ohio : 1855)</subfield><subfield code="w">(DLC)sn 84028859</subfield></datafield><datafield ind1="0" ind2="0" tag="785"><subfield code="t">True American (Newark, Ohio : 1863)</subfield><subfield code="w">(DLC)sn 84028861</subfield></datafield></record>